\begin{thebibliography}{100}

@phdthesis{Deluca,
         author= "Deluca M.",
         title= "Mathematical and Numerical Models for Cerebral Aneurysms Wall Mechanics",
         school= "Politecnico di Milano",
         year= "2009"
}

@book{GM,
         author= "Mengaldo G.",
         title= "Nonlinear Fluid-Structure Interaction with applications in haemodynamics",
         publisher= "Master Thesis, Politecnico di Milano",
         year= "2011"
}


@book{BonetWood,
         author= "Bonet J, Wood R.D. ",
         title= "Nonlinear Continuum mechanics for finite element analysis",
         publisher="Cambridge University Press",
         year= 1997
}

@book{Hozapfel,
         author= "Holzapfel G.A",
         title= "Nonlinear solid mechanics: A continuum approach for engineering",
         publisher="Wiley, John \& Sons, Incorporated",
         year= 2000
}

@book{Hughes,
         author= "Hughes T. J. R.  ",
         title= "The finite element method. Linear static and dynamic finite element analysis",
         publisher="Prentice-Hall",
         year= 1987
}

@book{DesignPattern,
         author= "Gamma E., Helm R., Johnson R.",
         title= "Design Pattern",
         publisher= "Addison-Wesley",
         year= "1995"
}


\end{thebibliography}
