%% usage: bibtex2html -a -suffix "" biblio.bib
%% alphabetical order and without the .html extension

%%
%% NavierStokes
%%

@Article{gauthier03:_navier_stokes,
  author =      {A. Gauthier and F. Saleri and A. Veneziani},
  title =      {A fast preconditioner for the incompressible {N}avier-{S}tokes equations},
  journal =      {Computing and Visualization in Science (CVS)},
  year =      2003,
  note =      {To appear.},
  url =       "http://www.lifev.org/documentation/GSV.ps.gz"
}

%%
%% Darcy
%%

@PhdThesis{vmartin04:_darcy,
  author =       {V. Martin},
  title =        {Multidomain Simulations of Flow in Porous Media. },
  school =       {Universit\'e Paris IX Dauphine},
  year =         {March 2004},
  url =          "http://www-rocq.inria.fr/~vmartin/These-MartinVincent.ps.gz",
  note =         {Partly in French}
}

@TechReport{rr5131:_darcy,
  author =      {R. Di Cosmo and P. Weis and Zheng Li and F. Cl\'ement and V. Martin and A. Vodicka},
  title =        {Parallel programming with the OcamlP3l system with application to coupling
numerical codes},
  institution =  {Inria},
  year =         {2003},
  type =      {Research Report},
  number =    {5131},
  address =   {Rocquencourt, France},
  url =     "http://www.inria.fr/rrrt/rr-5131.html"
}

%%
%% Multiscale
%%

@ARTICLE{Blanco2011,
  AUTHOR =       "P.J. Blanco and J.S. Leiva and R.A. Feij{\'o}o and G.C. Buscaglia",
  TITLE =        "Black-box decomposition approach for computational hemodynamics: One-dimensional models",
  JOURNAL =      "Comp. Meth. Appl. Mech. Engrg.",
  YEAR =         "2011",
  VOLUME =       "200",
  NUMBER =       "13--16",
  PAGES =        "1389--1405"
}

@ARTICLE{Blanco2007,
  AUTHOR =       "P.J. Blanco and R.A. Feij{\'o}o and S.A. Urquiza",
  TITLE =        "A unified variational approach for coupling 3D-1D models and its blood flow applications",
  JOURNAL =      "Comp. Meth. Appl. Mech. Engrg.",
  YEAR =         "2007",
  VOLUME =       "196",
  NUMBER =       "41--44",
  PAGES =        "4391--4410"
}

%%
%% FSI
%%
@ARTICLE{BadiaNobileVergara2008,
  AUTHOR =       "Santiago Badia and Fabio Nobile and Christian Vergara",
  TITLE =        "Fluid-structure partitioned procedures based on Robin transmission conditions",
  JOURNAL =      "J. Comput. Phys.",
  YEAR =         "2008",
  NUMBER =       "14",
  PAGES =        "7027-7051",
  VOLUME =       "227"
}

@ARTICLE{Gerbeau2003,
  AUTHOR =       "J.F. Gerbeau and M.&nbsp;Vidrascu",
  TITLE =        "A quasi-Newton algorithm based on a reduced model for fluid-structure interaction problems in blood flows",
  JOURNAL =      "M2AN",
  YEAR =         "2003",
  NUMBER =       "4",
  PAGES =        "663-680",
  VOLUME =       "37"
}

@ARTICLE{FernandezMoubachir2005,
  AUTHOR =       "M.A. Fern√°ndez and M. Moubachir",
  TITLE =        "A Newton method using exact Jacobian for solving fluid-structure coupling",
  JOURNAL =      "Computers \& Structures",
  YEAR =         "2005",
  NUMBER =       "2-3",
  PAGES =        "127--142",
  VOLUME =       "83"
}

@article{ponziniv1,
       Author = {Ponzini, R. and Vergara, C. and Redaelli, A. and Veneziani, A.},
           Title = {Reliable CFD-based estimation of flow rate in haemodynamics measures},
           Journal = {Ultrasound in Medicine & Biology},
           Volume = {32},
       Number = {10},
       Pages = {1545-55},
       Year = {2006} }

@article{nobilev1,
           Author = {F. Nobile and C. Vergara},
           Date-Added = {2007-05-16 10:26:46 -0700},
       Date-Modified = {2008-04-03 09:54:37 -0700},
       Journal = {SIAM J Sc Comp},
       Number = {2},
       Pages = {731-763},
       Title = {An effective fluid-structure interaction formulation for vascular dynamics by generalized {Robin} conditions},
       Volume = {30},
       Year = {2008}}

@article{vergaraz1,
        Author = {Vergara, Christian and Zunino, Paolo},
        Title = {Multiscale modeling and simulation of drug release from cardiovascular stents},
        Journal = {SIAM Multiscale Modeling and Simulation},
        Number = {2},
        Year = {2008},
        Volume = {7},
        Pages = {565-588}
}

@article{zuninod1,
         Author = {Zunino, P. and D'Angelo, C. and Petrini, L. and Vergara, C. and Capelli, C. and Migliavacca, F},
         Title = {Numerical simulation of drug eluting coronary stents: mechanics, fluid dynamics and drug release},
         Journal = {Comp. Meth. Appl. Mech. Eng},
         Number = {45-46},
         Year = {2009},
         Volume = {198},
         Pages = {3633-3644}
}

@article{viscardiv1,
         Author = {Viscardi, F. and Vergara, C. and Antiga, L. and Merelli, S. and Veneziani, A. and Puppini, G. and Faggian, G. and Mazzucco, A. and Luciani, G.B},
         Title = {Comparative finite-element model analysis of ascending aortic flow in bicuspid and tricuspid aortic valve},
         Journal = {Artificial Organs},
         Number = {12},
         Year = {2010},
         Volume = {34}
}

%%
%% 1D
%%
@ARTICLE{FormaggiaLamponi2003,
  AUTHOR =       "L. Formaggia and D. Lamponi and A. Quarteroni",
  TITLE =        "One-dimensional models for blood flow in arteries",
  JOURNAL =      "J. Eng. Math.",
  YEAR =         "2003",
  VOLUME =       "47",
  NUMBER =       "3--4",
  PAGES =        "251--276"
}

%%
%% Numerical methods not related to the above topics
%%

@book{Buhmann2004,
  author    = "Buhmann M.D.",
  title     = "Radial basis functions: theory and implementations",
  publisher = "Cambridge University Press",
  year      = "2004"
}

%%
%% Computer Science
%%

@book{Stroustrup:2000,
  author    = {Bjarne Stroustrup},
  title        = {{The C++ Programming Language, Special Edition}},
  publisher    = {Addison-Wesley Verlag},
  year        = 2000,
  address    = {Boston},
  isbn        = {0-201-70073-5}
}

@Book{Saad:1992:NML,
  author =       "Y. Saad",
  key =          "Saad",
  title =        "Numerical Methods for Large Eigenvalue Problems",
  publisher =    "Halstead Press",
  address =      "New York",
  year =         "1992",
  bibsource =    "ftp://ftp.math.utah.edu/pub/bibnet/authors/s/saad-yousef.bib",
}


