@book {quarteroni,
     TITLE = {Cardiovascular mathematics},
    SERIES = {MS\&A. Modeling, Simulation and Applications},
    VOLUME = {1},
    EDITOR = {Formaggia, L. and Quarteroni, A. and Veneziani,A.},
      NOTE = {Modeling and simulation of the circulatory system},
 PUBLISHER = {Springer-Verlag Italia, Milan},
      YEAR = {2009},
     PAGES = {xiv+522},
      ISBN = {978-88-470-1151-9},
   MRCLASS = {92C30 (74F10 74L15 76Z05 92-08 92C10 92C35 92C50)},
  MRNUMBER = {MR2524089 (2010b:92034)},
}

@phdthesis{nobile,
  AUTHOR={Nobile,F.},
  TITLE={Numerical approximation of fluid-structure interaction problems with application to haemodynamics },
  YEAR={2001},
  SCHOOL={EPFL},
}

@phdthesis{deparis,
  AUTHOR={Deparis,S.},
  TITLE={Numerical analysis of axisymmetric flows and methods for fluid-structure interaction arising in blood flow simulation},
  YEAR={2004},
  SCHOOL={EPFL},
}

@article{crosetto,
  AUTHOR={Crosetto, P. and Deparis, S. and Fourestey, G. and Quarteroni, A.},
  TITLE={Parallel algorithms for fluid-structure interaction problems in haemodynamics},
  YEAR={2010},
  JOURNAL={(submitted)}
}

@article{malossi,
  AUTHOR={Malossi, C. I. and Blanco, P. J. and Deparis, S. and Quarteroni, A.},
  TITLE={Algorithms for the partitioned solution of weakly-coupled fluid models},
  YEAR={2010},
  JOURNAL={(submitted)}
}

@book {saad,
    AUTHOR = {Saad, Y.},
     TITLE = {Iterative methods for sparse linear systems},
   EDITION = {Second},
 PUBLISHER = {Society for Industrial and Applied Mathematics},
   ADDRESS = {Philadelphia, PA},
      YEAR = {2003},
     PAGES = {xviii+528},
      ISBN = {0-89871-534-2},
   MRCLASS = {65-01 (65F10 65F50)},
  MRNUMBER = {MR1990645 (2004h:65002)},
MRREVIEWER = {Arnold Reusken},
}

@article{ethiersteinman,
  AUTHOR={Ethier, C.R. and Steinman, D.A.},
  TITLE={Exact fully 3{D} {N}avier-{S}tokes solutions for benchmarking},
  YEAR={1994},
  JOURNAL={Int. J. Numer. Methods Fluids},
  PAGES = {369-375},
  VOLUME = {19},
  NUMBER = {5},
}

% Bypass geometry
@phdthesis{ku,
  AUTHOR={Ku,J. P.},
  TITLE={Numerical and experimental investigations of blood flow with application to vascular bypass surgeries},
  YEAR={2003},
  SCHOOL={Stanford University},
}

% Arteria preop postop
@phdthesis{wilson1,
  AUTHOR={Wilson, N. M.},
  TITLE={{G}eometric {A}lgorithms and {S}oftware {A}rchitecture for {C}omputational {P}rototyping: {A}pplications in {V}ascular {S}urgery and {MEMS}},
  YEAR={2002},
  SCHOOL={Stanford University},
}
@article{wilson2,
  AUTHOR={Wilson, N. M. and Arko,F. R. and Taylor,C. A.},
  TITLE={{P}redicting {C}hanges in {B}lood {F}low in {P}atient-{S}pecific {O}perative {P}lans for {T}reating {A}ortoiliac {O}cclusive {D}isease},
  YEAR={2005},
  JOURNAL={Computer Aided Surgery},
  PAGES = {257-277},
  VOLUME = {10},
  NUMBER = {4},
}

% Palmaz stent
%Peter H. Feenstra "Peter H. Feenstra of the Cardiovascular Biomechanics Research Laboratory at Stanford University is acknowledged for providing the geometry of the Palmaz-Schatz-like stent" (2006)

% Virtual Aorta
% https://simtk.org web site and the Simbios project. (2007)
@misc{simbios,
	TITLE = {https://simtk.org web site and the Simbios project. (2007},
	YEAR={2007},
	KEY={Simbios}
}
